<?xml version="1.0" encoding="utf-8"?>
<AuditFile>
    <Header>
        <AuditFileVersion>str1234</AuditFileVersion>
        <CompanyID>str1234</CompanyID>
        <TaxRegistrationNumber>str1234000</TaxRegistrationNumber>
        <TaxAccountingBasis>A</TaxAccountingBasis>
        <CompanyName>str1234</CompanyName>
        <CompanyAddress>
            <AddressDetail>str1234</AddressDetail>
            <City>str1234</City>
            <Province>str1234</Province>
            <Country />
        </CompanyAddress>
        <FiscalYear>1234</FiscalYear>
        <StartDate>2012-12-13</StartDate>
        <EndDate>2012-12-13</EndDate>
        <CurrencyCode>AOA</CurrencyCode>
        <DateCreated>2012-12-13</DateCreated>
        <TaxEntity>str1234</TaxEntity>
        <ProductCompanyTaxID>str1234</ProductCompanyTaxID>
        <SoftwareValidationNumber>str1234</SoftwareValidationNumber>
        <ProductID>str1234</ProductID>
        <ProductVersion>str1234</ProductVersion>
        <Telephone>str1234</Telephone>
        <Fax>str1234</Fax>
        <Email>str1234</Email>
        <Website>str1234</Website>
    </Header>
    <MasterFiles>
        <Customer>
            <CustomerID>str1234</CustomerID>
            <AccountID>str1234</AccountID>
            <CustomerTaxID>str1234</CustomerTaxID>
            <CompanyName>str1234</CompanyName>
            <BillingAddress>
                <AddressDetail>str1234</AddressDetail>
                <City>str1234</City>
                <Province>str1234</Province>
                <Country />
            </BillingAddress>
            <ShipToAddress>
                <AddressDetail>str1234</AddressDetail>
                <City>str1234</City>
                <Province>str1234</Province>
                <Country />
            </ShipToAddress>
            <Telephone>str1234</Telephone>
            <Fax>str1234</Fax>
            <Email>str1234</Email>
            <Website>str1234</Website>
            <SelfBillingIndicator>1234</SelfBillingIndicator>
        </Customer>
        <Product>
            <ProductType>P</ProductType>
            <ProductCode>str1234</ProductCode>
            <ProductDescription>str1234</ProductDescription>
            <ProductNumberCode>str1234</ProductNumberCode>
        </Product>
        <TaxTable>
            <TaxTableEntry>
                <TaxType>IVA</TaxType>
                <TaxCountryRegion>st</TaxCountryRegion>
                <TaxCode>str1234</TaxCode>
                <Description>str1234</Description>
                <TaxExpirationDate>2012-12-13</TaxExpirationDate>
                <TaxPercentage>123.45</TaxPercentage>
                <TaxAmount>123.45</TaxAmount>
            </TaxTableEntry>
        </TaxTable>
    </MasterFiles>
    <SourceDocuments>
        <SalesInvoices>
            <NumberOfEntries>33</NumberOfEntries>
            <TotalDebit>123.45</TotalDebit>
            <TotalCredit>123.45</TotalCredit>
            <Invoice>
                <InvoiceNo>str1234</InvoiceNo>
                <DocumentStatus>
                    <InvoiceStatus>N</InvoiceStatus>
                    <InvoiceStatusDate>2012-12-13T12:12:12</InvoiceStatusDate>
                    <SourceID>str1234</SourceID>
                    <SourceBilling>P</SourceBilling>
                </DocumentStatus>
                <Hash>str1234</Hash>
                <HashControl>str1234</HashControl>
                <Period>1234</Period>
                <InvoiceDate>2012-12-13</InvoiceDate>
                <InvoiceType>FT</InvoiceType>
                <SpecialRegimes>
                    <SelfBillingIndicator>1234</SelfBillingIndicator>
                    <CashVATSchemeIndicator>1234</CashVATSchemeIndicator>
                    <ThirdPartiesBillingIndicator>1234</ThirdPartiesBillingIndicator>
                </SpecialRegimes>
                <SourceID>str1234</SourceID>
                <SystemEntryDate>2012-12-13T12:12:12</SystemEntryDate>
                <CustomerID>str1234</CustomerID>
                <ShipTo>
                    <DeliveryID>str1234</DeliveryID>
                    <DeliveryDate>2012-12-13</DeliveryDate>
                    <Address>
                        <BuildingNumber>str1234</BuildingNumber>
                        <StreetName>str1234</StreetName>
                        <AddressDetail>str1234</AddressDetail>
                        <City>str1234</City>
                        <Province>str1234</Province>
                        <Country>str1234</Country>
                    </Address>
                </ShipTo>
                <ShipFrom>
                    <DeliveryID>str1234</DeliveryID>
                    <DeliveryDate>2012-12-13</DeliveryDate>
                    <Address>
                        <BuildingNumber>str1234</BuildingNumber>
                        <StreetName>str1234</StreetName>
                        <AddressDetail>str1234</AddressDetail>
                        <City>str1234</City>
                        <Province>str1234</Province>
                        <Country>str1234</Country>
                    </Address>
                </ShipFrom>
                <Line>
                    <LineNumber>33</LineNumber>
                    <OrderReferences>
                        <OriginatingON>str1234</OriginatingON>
                        <OrderDate>2012-12-13</OrderDate>
                    </OrderReferences>
                    <ProductCode>str1234</ProductCode>
                    <ProductDescription>str1234</ProductDescription>
                    <Quantity>123.45</Quantity>
                    <UnitOfMeasure>str1234</UnitOfMeasure>
                    <UnitPrice>123.45</UnitPrice>
                    <TaxPointDate>2012-12-13</TaxPointDate>
                    <Description>str1234</Description>
                    <ProductSerialNumber>
                        <SerialNumber>str1234</SerialNumber>
                    </ProductSerialNumber>
                    <CreditAmount>123.45</CreditAmount>
                    <Tax>
                        <TaxType>IVA</TaxType>
                        <TaxCountryRegion>st</TaxCountryRegion>
                        <TaxCode>str1234</TaxCode>
                        <TaxPercentage>123.45</TaxPercentage>
                        <TaxAmount>123.45</TaxAmount>
                    </Tax>
                    <SettlementAmount>123.45</SettlementAmount>
                </Line>
                <DocumentTotals>
                    <TaxPayable>123.45</TaxPayable>
                    <NetTotal>123.45</NetTotal>
                    <GrossTotal>123.45</GrossTotal>
                    <Currency>
                        <CurrencyCode>str</CurrencyCode>
                        <CurrencyAmount>123.45</CurrencyAmount>
                        <ExchangeRate>123.45</ExchangeRate>
                    </Currency>
                    <Payment>
                        <PaymentMechanism>CC</PaymentMechanism>
                        <PaymentAmount>123.45</PaymentAmount>
                        <PaymentDate>2012-12-13</PaymentDate>
                    </Payment>
                </DocumentTotals>
                <WithholdingTax>
                    <WithholdingTaxAmount>123.45</WithholdingTaxAmount>
                </WithholdingTax>
            </Invoice>
        </SalesInvoices>
    </SourceDocuments>
</AuditFile>